@article{verydeepconvnets,
  author    = {Wei Dai and
               Chia Dai and
               Shuhui Qu and
               Juncheng Li and
               Samarjit Das},
  title     = {Very Deep Convolutional Neural Networks for Raw Waveforms},
  journal   = {CoRR},
  volume    = {abs/1610.00087},
  year      = {2016},
  url       = {http://arxiv.org/abs/1610.00087},
  archivePrefix = {arXiv},
  eprint    = {1610.00087},
  timestamp = {Wed, 07 Jun 2017 14:41:59 +0200},
  biburl    = {https://dblp.org/rec/bib/journals/corr/DaiDQLD16},
  bibsource = {dblp computer science bibliography, https://dblp.org}
}

@misc{keras,
  title={Keras},
  author={Chollet, Fran\c{c}ois and others},
  year={2015},
  howpublished={\url{https://keras.io}},
}